<?xml version="1.0" encoding="UTF-8"?>
<collection xmlns:xsi="http://www.w3.org/2001/XMLSchema-instance" xsi:schemaLocation="http://www.loc.gov/MARC21/slim http://www.loc.gov/standards/marcxml/schema/MARC21slim.xsd" xmlns="http://www.loc.gov/MARC21/slim">
<record>
  <leader>00761cam a22002171  4500</leader>
  <controlfield tag="001">3077363</controlfield>
  <controlfield tag="003">NNC</controlfield>
  <controlfield tag="005">20100713225845.0</controlfield>
  <controlfield tag="008">010830s1913    ua a          000 0 ara d</controlfield>
  <datafield tag="035" ind1=" " ind2=" ">
    <subfield code="a">(OCoLC)ocm47883173</subfield>
  </datafield>
  <datafield tag="035" ind1=" " ind2=" ">
    <subfield code="9">ATQ1000CU</subfield>
  </datafield>
  <datafield tag="035" ind1=" " ind2=" ">
    <subfield code="a">(NNC)3077363</subfield>
  </datafield>
  <datafield tag="040" ind1=" " ind2=" ">
    <subfield code="a">ZCU</subfield>
    <subfield code="c">ZCU</subfield>
  </datafield>
  <datafield tag="099" ind1=" " ind2=" ">
    <subfield code="a">893.785</subfield>
    <subfield code="a">G34</subfield>
  </datafield>
  <datafield tag="100" ind1="1" ind2=" ">
    <subfield code="a">Ghaḍbān, Ilyās.</subfield>
  </datafield>
  <datafield tag="245" ind1="1" ind2="0">
    <subfield code="a">Qānūn al-zawāj,</subfield>
    <subfield code="b">la yastaghnī ʻanhu ṭullāb al-zawāj wa-al-mutazawwijūn. Yaḥtawī ʻalā nawāmīs al-zawāj al-ṭabī ʻīyah washurūṭihī al-ṣiḥḥīyah wa-al-fisyolojīyah ...</subfield>
    <subfield code="c">Biqalam Ilyās al-Ghaḍbān.</subfield>
  </datafield>
  <datafield tag="260" ind1=" " ind2=" ">
    <subfield code="a">Miṣr,</subfield>
    <subfield code="b">Maṭb. al-Hilāl</subfield>
    <subfield code="c">[1913]</subfield>
  </datafield>
  <datafield tag="300" ind1=" " ind2=" ">
    <subfield code="a">523 p.</subfield>
    <subfield code="b">diagrs.</subfield>
  </datafield>
  <datafield tag="650" ind1=" " ind2="0">
    <subfield code="a">Marriage.</subfield>
  </datafield>
  <datafield tag="650" ind1=" " ind2="0">
    <subfield code="a">Sexual health.</subfield>
  </datafield>
  <datafield tag="955" ind1=" " ind2=" ">
    <subfield code="b">CU58891595</subfield>
    <subfield code="d">off,glx</subfield>
    <subfield code="e">893.785 G34</subfield>
  </datafield>
</record>
</collection>